<?xml version="1.0" encoding="UTF-8"?><collection xmlns="http://www.loc.gov/MARC21/slim"><record><leader>00490nam--2200133-i-4500</leader><controlfield tag="001">000036538</controlfield><controlfield tag="002">20161230</controlfield><controlfield tag="005">20161230201041</controlfield><controlfield tag="008">060222s1000------------r-----000-0-eng-d</controlfield><datafield ind1=" " ind2=" " tag="245"><subfield code="a">Polymer proceses. cheical technology of plastics,resins,rubbers,adhesives and fibres</subfield></datafield><datafield ind1=" " ind2=" " tag="260"><subfield code="a">New York, Interscience,1956. Xvii+914p.Cufig</subfield></datafield><datafield ind1=" " ind2=" " tag="490"><subfield code="a">High Polymers. A Series Of Monographs On The Chemistry, Ph.And Technology Of High Polymeric Substances</subfield></datafield><datafield ind1=" " ind2=" " tag="700"><subfield code="a">Calvia E.Schildknecht</subfield></datafield><datafield ind1=" " ind2=" " tag="852"><subfield code="a">12083</subfield></datafield></record></collection>